%Gotay-Marsden Papers

%Classical Fields Part1 
@ARTICLE{1998physics...1019G,
       author = {{Gotay}, Mark J. and {Isenberg}, James and {Marsden}, Jerrold E. and
         {Montgomery}, Richard},
        title = "{Momentum Maps and Classical Relativistic Fields. Part I: Covariant Field Theory}",
      journal = {arXiv e-prints},
     keywords = {Mathematical Physics, General Relativity and Quantum Cosmology, High Energy Physics - Theory},
         year = "1998",
        month = Jan,
archivePrefix = {arXiv},
       eprint = {physics/9801019},
 primaryClass = {math-ph},
       adsurl = {https://ui.adsabs.harvard.edu/abs/1998physics...1019G},
      adsnote = {Provided by the SAO/NASA Astrophysics Data System}
}

%Canonical Analysis Part2
@ARTICLE{2004math.ph..11032G,
       author = {{Gotay}, Mark J. and {Isenberg}, James and {Marsden}, Jerrold E.},
        title = "{Momentum Maps and Classical Relativistic Fields. Part II: Canonical Analysis of Field Theories}",
      journal = {arXiv e-prints},
     keywords = {Mathematical Physics, Mathematics - Mathematical Physics},
         year = "2004",
        month = Nov,
archivePrefix = {arXiv},
       eprint = {math-ph/0411032},
 primaryClass = {math-ph},
       adsurl = {https://ui.adsabs.harvard.edu/abs/2004math.ph..11032G},
      adsnote = {Provided by the SAO/NASA Astrophysics Data System}
}

%foundations f mechanics
@book{abraham2008foundations,
  title={Foundations of Mechanics},
  author={Abraham, R. and Marsden, J.E.},
  isbn={9780821844380},
  lccn={2008005206},
  series={AMS Chelsea publishing},
  url={https://books.google.de/books?id=4Y-ownk6ilsC},
  year={2008},
  publisher={AMS Chelsea Pub./American Mathematical Society}
}


%E-M-Tensor
@inproceedings{Gotay1992StressEnergyMomentumTA,
  title={Stress-Energy-Momentum Tensors and the Belinfante-Rosenfeld Formula},
  author={Mark J. Gotay and Jerrold E. Marsden},
  year={1992}
}

%Seiler 

%Dirac Algorythm
@ARTICLE{1995JPhA...28.4431S,
       author = {{Seiler}, W.~M. and {Tucker}, R.~W.},
        title = "{Involution and constrained dynamics. I. The Dirac approach}",
      journal = {Journal of Physics A Mathematical General},
     keywords = {High Energy Physics - Theory},
         year = "1995",
        month = Aug,
       volume = {28},
       number = {15},
        pages = {4431-4451},
          doi = {10.1088/0305-4470/28/15/022},
archivePrefix = {arXiv},
       eprint = {hep-th/9506017},
 primaryClass = {hep-th},
       adsurl = {https://ui.adsabs.harvard.edu/abs/1995JPhA...28.4431S},
      adsnote = {Provided by the SAO/NASA Astrophysics Data System}
}

%chartan
@article{articleCH,
author = {Seiler, Werner},
year = {1995},
month = {11},
pages = {},
title = {On the Arbitrariness of the General Solution of an Involutive Partial Differential Equation},
volume = {35},
journal = {Journal of Mathematical Physics},
doi = {10.1063/1.530739}
}

%Diss
@phdthesis{seiler1994analysis,
  title={Analysis and application of the formal theory of partial differential equations},
  author={Seiler, Werner Markus},
  year={1994},
  school={University of Lancaster}
}

%Book
@book{seiler2009involution,
  title={Involution},
  author={Seiler, Werner M},
  year={2009},
  publisher={Springer}
}

%Saunders Jet Bundles
@book{saunders_1989, place={Cambridge}, series={London Mathematical Society Lecture Note Series}, title={The Geometry of Jet Bundles}, DOI={10.1017/CBO9780511526411}, publisher={Cambridge University Press}, author={Saunders, D. J.}, year={1989}, collection={London Mathematical Society Lecture Note Series}}

%Ytin Rubilar GLED Polynomial
@ARTICLE{2009JPhA...42U5402I,
       author = {{Itin}, Yakov},
        title = "{On light propagation in premetric electrodynamics: the covariant dispersion relation}",
      journal = {Journal of Physics A Mathematical General},
     keywords = {High Energy Physics - Theory},
         year = "2009",
        month = Nov,
       volume = {42},
       number = {47},
          doi = {10.1088/1751-8113/42/47/475402},
archivePrefix = {arXiv},
       eprint = {0903.5520},
 primaryClass = {hep-th},
       adsurl = {https://ui.adsabs.harvard.edu/abs/2009JPhA...42U5402I},
      adsnote = {Provided by the SAO/NASA Astrophysics Data System}
}

%ostrogratzky 

@article{Ostrogradsky:1850fid,
      author         = "Ostrogradsky, M.",
      title          = "{Mémoires sur les équations différentielles, relatives
                        au problème des isopérimètres}",
      journal        = "Mem. Acad. St. Petersbourg",
      volume         = "6",
      year           = "1850",
      number         = "4",
      pages          = "385-517",
      SLACcitation   = "%%CITATION = INSPIRE-1468685;%%"
}

@ARTICLE{2015arXiv150602210W,
       author = {{Woodard}, R.~P.},
        title = "{The Theorem of Ostrogradsky}",
      journal = {arXiv e-prints},
     keywords = {High Energy Physics - Theory},
         year = "2015",
        month = Jun,
archivePrefix = {arXiv},
       eprint = {1506.02210},
 primaryClass = {hep-th},
       adsurl = {https://ui.adsabs.harvard.edu/abs/2015arXiv150602210W},
      adsnote = {Provided by the SAO/NASA Astrophysics Data System}
}

%Lie-Algebra
@article{boothby1989,
author = "Boothby, William M.",
fjournal = "Bulletin (New Series) of the American Mathematical Society",
journal = "Bull. Amer. Math. Soc. (N.S.)",
month = Jan,
number = "1",
pages = "89--94",
publisher = "American Mathematical Society",
title = "Review: Paulette Libermann and Charles-Michel Marle, Symplectic geometry and analytical mechanics",
url = "https://projecteuclid.org:443/euclid.bams/1183554912",
volume = "20",
year = "1989"
}

%anco
@article{article,
author = {Anco, S},
year = {1992},
month = Jan ,
pages = {},
title = {Construction of Locally-Symmetric Lagrangian Field Theories from Variational Identities},
doi = {10.1090/conm/132/1188433}
}

%geometrodynamics
@article{HOJMAN197688,
title = "Geometrodynamics regained",
journal = "Annals of Physics",
volume = "96",
number = "1",
pages = "88 - 135",
year = "1976",
issn = "0003-4916",
doi = "https://doi.org/10.1016/0003-4916(76)90112-3",
url = "http://www.sciencedirect.com/science/article/pii/0003491676901123",
author = "Sergio A Hojman and Karel Kuchař and Claudio Teitelboim"
}

%Isham HDA 1
@ARTICLE{1985AnPhy.164..288I,
       author = {{Isham}, C.~J. and {Kuchar}, K.~V.},
        title = "{Representations of spacetime diffeomorphisms. I. Canonical parametrized field theories}",
      journal = {Annals of Physics},
         year = "1985",
        month = Oct,
       volume = {164},
       number = {2},
        pages = {288-315},
          doi = {10.1016/0003-4916(85)90018-1},
       adsurl = {https://ui.adsabs.harvard.edu/abs/1985AnPhy.164..288I},
      adsnote = {Provided by the SAO/NASA Astrophysics Data System}
}

%Isham HDA 2
@ARTICLE{1985AnPhy.164..316I,
       author = {{Isham}, C.~J. and {Kuchar}, K.~V.},
        title = "{Representations of spacetime diffeomorphisms. II. Canonical geometrodynamics}",
      journal = {Annals of Physics},
         year = "1985",
        month = Oct,
       volume = {164},
       number = {2},
        pages = {316-333},
          doi = {10.1016/0003-4916(85)90019-3},
       adsurl = {https://ui.adsabs.harvard.edu/abs/1985AnPhy.164..316I},
      adsnote = {Provided by the SAO/NASA Astrophysics Data System}
}



%gravitational closure
@ARTICLE{2018PhRvD..97h4036D,
       author = {{D{\"u}ll}, Maximilian and {Schuller}, Frederic P. and
         {Stritzelberger}, Nadine and {Wolz}, Florian},
        title = "{Gravitational closure of matter field equations}",
      journal = {\prd},
     keywords = {General Relativity and Quantum Cosmology, High Energy Physics - Phenomenology, High Energy Physics - Theory},
         year = "2018",
        month = Apr,
       volume = {97},
       number = {8},
          doi = {10.1103/PhysRevD.97.084036},
archivePrefix = {arXiv},
       eprint = {1611.08878},
 primaryClass = {gr-qc},
       adsurl = {https://ui.adsabs.harvard.edu/abs/2018PhRvD..97h4036D},
      adsnote = {Provided by the SAO/NASA Astrophysics Data System}
}

@ARTICLE{2012PhRvD..85j4042G,
       author = {{Giesel}, Kristina and {Schuller}, Frederic P. and {Witte}, Christof and
         {Wohlfarth}, Mattias N.~R.},
        title = "{Gravitational dynamics for all tensorial spacetimes carrying predictive, interpretable, and quantizable matter}",
      journal = {\prd},
     keywords = {04.50.Kd, 04.20.Ex, Modified theories of gravity, Initial value problem existence and uniqueness of solutions, General Relativity and Quantum Cosmology, High Energy Physics - Theory, Mathematical Physics},
         year = "2012",
        month = May,
       volume = {85},
       number = {10},
          doi = {10.1103/PhysRevD.85.104042},
archivePrefix = {arXiv},
       eprint = {1202.2991},
 primaryClass = {gr-qc},
       adsurl = {https://ui.adsabs.harvard.edu/abs/2012PhRvD..85j4042G},
      adsnote = {Provided by the SAO/NASA Astrophysics Data System}
}

@ARTICLE{2017arXiv170803870S,
       author = {{Schneider}, Jonas and {Schuller}, Frederic P. and
         {Stritzelberger}, Nadine and {Wolz}, Florian},
        title = "{Gravitational closure of weakly birefringent electrodynamics}",
      journal = {arXiv e-prints},
     keywords = {High Energy Physics - Theory, General Relativity and Quantum Cosmology},
         year = "2017",
        month = Aug,
archivePrefix = {arXiv},
       eprint = {1708.03870},
 primaryClass = {hep-th},
       adsurl = {https://ui.adsabs.harvard.edu/abs/2017arXiv170803870S},
      adsnote = {Provided by the SAO/NASA Astrophysics Data System}
}

%goldschmidt
@article{AIF_1973__23_1_203_0,
     author = {Goldschmidt, Hubert and Sternberg, Shlomo},
     title = {The Hamilton-Cartan formalism in the calculus of variations},
     journal = {Annales de l'Institut Fourier},
     publisher = {Imprimerie Louis-Jean},
     address = {Gap},
     volume = {23},
     number = {1},
     year = {1973},
     pages = {203-267},
     doi = {10.5802/aif.451},
     zbl = {0243.49011},
     mrnumber = {49 \#6279},
     language = {en},
     url = {http://www.numdam.org/item/AIF_1973__23_1_203_0}
}

%fibre derivative
@ARTICLE{2000RpMP...45...67G,
       author = {{Gr{\`a}cia}, Xavier},
        title = "{Fibre derivatives: Some applications to singular lagrangians}",
      journal = {Reports on Mathematical Physics},
     keywords = {Mathematical Physics, Mathematics - Differential Geometry, 70H45, 70G45, 58C25},
         year = "2000",
        month = Feb,
       volume = {45},
       number = {1},
        pages = {67-84},
          doi = {10.1016/S0034-4877(00)88872-2},
archivePrefix = {arXiv},
       eprint = {math-ph/0007038},
 primaryClass = {math-ph},
       adsurl = {https://ui.adsabs.harvard.edu/abs/2000RpMP...45...67G},
      adsnote = {Provided by the SAO/NASA Astrophysics Data System}
}

%poisson bracket
@ARTICLE{1997hep.th....9164B,
       author = {{Barnich}, Glenn},
        title = "{Brackets in the jet-bundle approach to field theory}",
      journal = {arXiv e-prints},
     keywords = {High Energy Physics - Theory},
         year = "1997",
        month = Sep,
archivePrefix = {arXiv},
       eprint = {hep-th/9709164},
 primaryClass = {hep-th},
       adsurl = {https://ui.adsabs.harvard.edu/abs/1997hep.th....9164B},
      adsnote = {Provided by the SAO/NASA Astrophysics Data System}
}

@Article{Barnich1998,
author="Barnich, G.
and Fulp, R.
and Lada, T.
and Stasheff, J.",
title="The sh Lie Structure of Poisson Brackets in Field Theory",
journal="Communications in Mathematical Physics",
year="1998",
month= Feb,
day="01",
volume="191",
number="3",
pages="585--601",
abstract="A general construction of an sh Lie algebra (L∞-algebra) from a homological resolution of a Lie algebra is given. It is applied to the space of local functionals equipped with a Poisson bracket, induced by a bracket for local functions along the lines suggested by Gel'fand, Dickey and Dorfman. In this way, higher order maps are constructed which combine to form an sh Lie algebra on the graded differential algebra of horizontal forms. The same construction applies for graded brackets in field theory such as the Batalin-Fradkin-Vilkovisky bracket of the Hamiltonian BRST theory or the Batalin-Vilkovisky antibracket.",
issn="1432-0916",
doi="10.1007/s002200050278",
url="https://doi.org/10.1007/s002200050278"
}


@book{doi:10.1142/5108,
author = {Dickey, L A},
title = {Soliton Equations and Hamiltonian Systems},
publisher = {WORLD SCIENTIFIC},
year = {2003},
doi = {10.1142/5108},
address = {},
edition   = {2nd},
URL = {https://www.worldscientific.com/doi/abs/10.1142/5108},
eprint = {https://www.worldscientific.com/doi/pdf/10.1142/5108}
}

%Dirac algorhytm 

@article{dirac_1950, title={Generalized Hamiltonian Dynamics}, volume={2}, DOI={10.4153/CJM-1950-012-1}, journal={Canadian Journal of Mathematics}, publisher={Cambridge University Press}, author={Dirac, P. A. M.}, year={1950}, pages={129–148}}

@article{PhysRev.83.1018,
  title = {Constraints in Covariant Field Theories},
  author = {Anderson, James L. and Bergmann, Peter G.},
  journal = {Phys. Rev.},
  volume = {83},
  issue = {5},
  pages = {1018--1025},
  numpages = {0},
  year = {1951},
  month = Sep,
  publisher = {American Physical Society},
  doi = {10.1103/PhysRev.83.1018},
  url = {https://link.aps.org/doi/10.1103/PhysRev.83.1018}
}

@article{doi:10.1063/1.523597,
author = {Gotay,Mark J.  and Nester,James M.  and Hinds,George },
title = {Presymplectic manifolds and the Dirac–Bergmann theory of constraints},
journal = {Journal of Mathematical Physics},
volume = {19},
number = {11},
pages = {2388-2399},
year = {1978},
doi = {10.1063/1.523597},
URL = {https://doi.org/10.1063/1.523597},
eprint = {https://doi.org/10.1063/1.523597}}

@book{bojowald_2010, place={Cambridge}, title={Canonical Gravity and Applications: Cosmology, Black Holes, and Quantum Gravity}, DOI={10.1017/CBO9780511921759}, publisher={Cambridge University Press}, author={Bojowald, Martin}, year={2010}}

@book{thiemann_2007, place={Cambridge}, series={Cambridge Monographs on Mathematical Physics}, title={Modern Canonical Quantum General Relativity}, DOI={10.1017/CBO9780511755682}, publisher={Cambridge University Press}, author={Thiemann, Thomas}, year={2007}, collection={Cambridge Monographs on Mathematical Physics}}

%isham differential geometry
@book{doi:10.1142/3867,
author = {Isham, Chris J},
title = {Modern Differential Geometry for Physicists},
publisher = {WORLD SCIENTIFIC},
year = {1999},
doi = {10.1142/3867},
address = {},
edition   = {2nd},
URL = {https://www.worldscientific.com/doi/abs/10.1142/3867},
eprint = {https://www.worldscientific.com/doi/pdf/10.1142/3867}
}

%lovelock
@Article{Lovelock1969,
author="Lovelock, David",
title="The uniqueness of the Einstein field equations in a four-dimensional space",
journal="Archive for Rational Mechanics and Analysis",
year="1969",
month= Jan,
day="01",
volume="33",
number="1",
pages="54--70",
abstract="The Euler-Lagrange equations corresponding to a Lagrange density which is a function of gij and its first two derivatives are investigated. In general these equations will be of fourth order in gij. Necessary and sufficient conditions for these Euler-Lagrange equations to be of second order are obtained and it is shown that in a four-dimensional space the Einstein field equations (with cosmological term) are the only permissible second order Euler-Lagrange equations. This result is false in a space of higher dimension. Furthermore, the only permissible third order equation in the four-dimensional case is exhibited.",
issn="1432-0673",
doi="10.1007/BF00248156",
url="https://doi.org/10.1007/BF00248156"
}


@article{doi:10.1063/1.1665613,
author = {Lovelock,David },
title = {The Einstein Tensor and Its Generalizations},
journal = {Journal of Mathematical Physics},
volume = {12},
number = {3},
pages = {498-501},
year = {1971},
doi = {10.1063/1.1665613},
URL = { 
        https://doi.org/10.1063/1.1665613},
eprint = { 
        https://doi.org/10.1063/1.1665613}}

@article{doi:10.1063/1.1666069,
author = {Lovelock,David },
title = {The Four‐Dimensionality of Space and the Einstein Tensor},
journal = {Journal of Mathematical Physics},
volume = {13},
number = {6},
pages = {874-876},
year = {1972},
doi = {10.1063/1.1666069},
URL = { 
        https://doi.org/10.1063/1.1666069},
eprint = { 
        https://doi.org/10.1063/1.1666069}}

%slicing
@ARTICLE{2003CMaPh.243..461B,
       author = {{Bernal}, Antonio N. and {S{\'a}nchez}, Miguel},
        title = "{On Smooth Cauchy Hypersurfaces and Geroch's Splitting Theorem}",
      journal = {Communications in Mathematical Physics},
     keywords = {General Relativity and Quantum Cosmology, Mathematics - Differential Geometry},
         year = "2003",
        month = Jan,
       volume = {243},
       number = {3},
        pages = {461-470},
          doi = {10.1007/s00220-003-0982-6},
archivePrefix = {arXiv},
       eprint = {gr-qc/0306108},
 primaryClass = {gr-qc},
       adsurl = {https://ui.adsabs.harvard.edu/abs/2003CMaPh.243..461B},
      adsnote = {Provided by the SAO/NASA Astrophysics Data System}
}

%hyperbolic
@INPROCEEDINGS{1996gere.conf...19G,
       author = {{Geroch}, Robert},
        title = "{Partial Differential Equations of Physics}",
     keywords = {General Relativity and Quantum Cosmology},
    booktitle = {General Relativity},
         year = "1996",
       editor = {{Hall}, G.~S. and {Pulham}, J.~R. and {Osborne}, P.},
        month = Jan,
        pages = {19},
archivePrefix = {arXiv},
       eprint = {gr-qc/9602055},
 primaryClass = {gr-qc},
       adsurl = {https://ui.adsabs.harvard.edu/abs/1996gere.conf...19G},
      adsnote = {Provided by the SAO/NASA Astrophysics Data System}
}

%vector bundles
@COMMENT { BibTex package created from National Library of Australia Catalogue https://catalogue.nla.gov.au  }
@Book{ nla.cat-vn705150,
author = { Karoubi, Max. },
title = { K-theory : an introduction / Max Karoubi },
isbn = { 0387080902 },
publisher = { Springer-Verlag Berlin ; New York },
pages = { xviii, 308 p. : },
year = { 1978 },
type = { Book },
language = { English },
subjects = { K-theory. },
life-dates = { 1978 -  },
catalogue-url = { https://nla.gov.au/nla.cat-vn705150 },
}

@article{doi:10.1063/1.522976,
author = {Kuchař,Karel },
title = {Geometry of hyperspace. I},
journal = {Journal of Mathematical Physics},
volume = {17},
number = {5},
pages = {777-791},
year = {1976},
doi = {10.1063/1.522976},

URL = { 
        https://aip.scitation.org/doi/abs/10.1063/1.522976
    },
eprint = { 
        https://aip.scitation.org/doi/pdf/10.1063/1.522976
    }}

%gravitation
@book{Misner1973,
  added-at = {2011-09-19T14:43:55.000+0200},
  adsnote = {Provided by the SAO/NASA Astrophysics Data System},
  adsurl = {http://adsabs.harvard.edu/abs/1973grav.book.....M},
  author = {{Misner}, C. W. and {Thorne}, K. S. and {Wheeler}, J. A.},
  biburl = {https://www.bibsonomy.org/bibtex/232b084c7be345583c8110241be239ed1/mbird},
  booktitle = {San Francisco: W.H.~Freeman and Co., 1973},
  editor = {{Misner, C.~W., Thorne, K.~S., \& Wheeler, J.~A.}},
  file = {Misner1973, Thorne, Wheeler - Gravitation (english) (Freeman & Co. 1973)(1304p)(T).djvu:Misner1973, Thorne, Wheeler - Gravitation (english) (Freeman & Co. 1973)(1304p)(T).djvu:Djvu},
  groups = {public},
  interhash = {7a7eb19ea0ce2867c6ae85d9e291244a},
  intrahash = {32b084c7be345583c8110241be239ed1},
  keywords = {},
  timestamp = {2011-09-19T14:43:55.000+0200},
  title = {{Gravitation}},
  username = {mbird},
  year = 1973
}

@ARTICLE{2011PhRvD..83d4047R,
       author = {{R{\"a}tzel}, Dennis and {Rivera}, Sergio and {Schuller}, Frederic P.},
        title = "{Geometry of physical dispersion relations}",
      journal = {\prd},
     keywords = {04.20.Gz, Spacetime topology causal structure spinor structure, High Energy Physics - Theory, General Relativity and Quantum Cosmology, Mathematical Physics},
         year = "2011",
        month = Feb,
       volume = {83},
       number = {4},
          doi = {10.1103/PhysRevD.83.044047},
archivePrefix = {arXiv},
       eprint = {1010.1369},
 primaryClass = {hep-th},
       adsurl = {https://ui.adsabs.harvard.edu/abs/2011PhRvD..83d4047R},
      adsnote = {Provided by the SAO/NASA Astrophysics Data System}
}

%Deser
@ARTICLE{1970GReGr...1....9D,
       author = {{Deser}, S.},
        title = "{Self-interaction and gauge invariance}",
      journal = {General Relativity and Gravitation},
     keywords = {General Relativity and Quantum Cosmology, Astrophysics},
         year = "1970",
        month = Mar,
       volume = {1},
        pages = {9-18},
          doi = {10.1007/BF00759198},
archivePrefix = {arXiv},
       eprint = {gr-qc/0411023},
 primaryClass = {gr-qc},
       adsurl = {https://ui.adsabs.harvard.edu/abs/1970GReGr...1....9D},
      adsnote = {Provided by the SAO/NASA Astrophysics Data System}
}

%Padman
@ARTICLE{2008IJMPD..17..367P,
       author = {{Padmanabhan}, T.},
        title = "{From Gravitons to Gravity:. Myths and Reality}",
      journal = {International Journal of Modern Physics D},
     keywords = {Graviton, general relativity, Einstein-Hilbert action, spin-2 field, General Relativity and Quantum Cosmology, Astrophysics, High Energy Physics - Theory},
         year = "2008",
        month = Jan,
       volume = {17},
       number = {3-04},
        pages = {367-398},
          doi = {10.1142/S0218271808012085},
archivePrefix = {arXiv},
       eprint = {gr-qc/0409089},
 primaryClass = {gr-qc},
       adsurl = {https://ui.adsabs.harvard.edu/abs/2008IJMPD..17..367P},
      adsnote = {Provided by the SAO/NASA Astrophysics Data System}
}

   
%Janet

@phdthesis{janet1920systemes,
  title={Sur les systemes d'equations aux derivees partielles.},
  author={Janet, Maurice},
  year={1920}
}

@book{MSM_1927__21__1_0,
     author = {Janet, Maurice},
     title = {Les syst\`emes d'\'equations aux d\'eriv\'ees partielles},
     series = {M\'emorial des sciences math\'ematiques},
     publisher = {Gauthier-Villars},
     number = {21},
     year = {1927},
     language = {fr},
     url = {http://www.numdam.org/item/MSM_1927__21__1_0}
}

@article{bateman_1910, title={Les systèmes d’équations aux dérivées partielles. By C. Riquier. Pp. xxvii   590. Price 20 fr. 1910. (Paris, Gauthier-Villars.)}, volume={5}, DOI={10.2307/3603149}, number={84}, journal={The Mathematical Gazette}, publisher={Cambridge University Press}, author={Bateman, H.}, year={1910}, pages={209–210}}

%Sweeny
@article{sweeney1968,
author = "Sweeney, William J.",
doi = "10.1007/BF02394611",
fjournal = "Acta Mathematica",
journal = "Acta Math.",
pages = "223--277",
publisher = "Institut Mittag-Leffler",
title = "The D -Neumann problem",
url = "https://doi.org/10.1007/BF02394611",
volume = "120",
year = "1968"
}

%Igor
@ARTICLE{2012arXiv1211.1914K,
       author = {{Khavkine}, Igor},
        title = "{Characteristics, Conal Geometry and Causality in Locally Covariant Field Theory}",
      journal = {arXiv e-prints},
     keywords = {General Relativity and Quantum Cosmology, Mathematical Physics},
         year = "2012",
        month = Nov,
archivePrefix = {arXiv},
       eprint = {1211.1914},
 primaryClass = {gr-qc},
       adsurl = {https://ui.adsabs.harvard.edu/abs/2012arXiv1211.1914K},
      adsnote = {Provided by the SAO/NASA Astrophysics Data System}
}

@phdthesis{Rivera,
  title={Tensorial spacetime geometries carrying predictive, interpretable and quantizable matter dynamics},
  author={Sergio Rivera Hern\'andez},
  school ={Mathematisch-Naturwissenschaftlich Fakult{\"a}t der Universit{\"a}t Potsdam},
  year={2012}
  }
  
%Cauchy 
@Article{Hormander1977,
author="H{\"o}rmander, Lars",
title="The Cauchy problem for differential equations with double characteristics",
journal="Journal d'Analyse Math{\'e}matique",
year="1977",
month= Dec,
day="01",
volume="32",
number="1",
pages="118--196",
issn="1565-8538",
doi="10.1007/BF02803578",
url="https://doi.org/10.1007/BF02803578"
}

@article{Ivrii_1974,
	doi = {10.1070/rm1974v029n05abeh001295},
	url = {https://doi.org/10.1070%2Frm1974v029n05abeh001295},
	year = 1974,
	month = oct,
	publisher = {{IOP} Publishing},
	volume = {29},
	number = {5},
	pages = {1--70},
	author = {V Ya Ivrii and V M Petkov},
	title = {Necessary conditions for the Cauchy problem for non-strictly hyperbolic equations to be well-posed},
	journal = {Russian Mathematical Surveys},
	abstract = {In this article we study the -well-posedness of the non-characteristic Cauchy problem for hyperbolic equations with characteristic roots of variable multiplicity. We obtain a necessary condition for the Cauchy problem with arbitrary lower order terms to be well-posed, and also a necessary condition for the smoothness of the solution to be independent of the lower order terms. For equations with characteristic roots of an arbitrary variable multiplicity we obtain necessary conditions on the lower order terms for the Cauchy problem to be well-posed. All the proofs are based on a single method: the construction of asymptotic solutions.}
}

%Garding 
@article{10.2307/24900665,
 ISSN = {00959057, 19435274},
 URL = {http://www.jstor.org/stable/24900665},
 author = {LARS GÅRDING},
 journal = {Journal of Mathematics and Mechanics},
 number = {6},
 pages = {957--965},
 publisher = {Indiana University Mathematics Department},
 title = {An Inequality for Hyperbolic Polynomials},
 volume = {8},
 year = {1959}
}

%speed of gravity 

@ARTICLE{2017ApJ...848L..13A,
       author = {{Abbott}, B.~P. and {Abbott}, R. and {Abbott}, T.~D. and {Acernese}, F. and
         {Ackley}, K. and {Adams}, C. and {Adams}, T. and {Addesso}, P. and
         {Adhikari}, R.~X. and {Adya}, V.~B.},
        title = "{Gravitational Waves and Gamma-Rays from a Binary Neutron Star Merger: GW170817 and GRB 170817A}",
      journal = {\apjl},
     keywords = {binaries: close, gamma-ray burst: general, gravitational waves, Astrophysics - High Energy Astrophysical Phenomena, General Relativity and Quantum Cosmology},
         year = "2017",
        month = Oct,
       volume = {848},
       number = {2},
          doi = {10.3847/2041-8213/aa920c},
archivePrefix = {arXiv},
       eprint = {1710.05834},
 primaryClass = {astro-ph.HE},
       adsurl = {https://ui.adsabs.harvard.edu/abs/2017ApJ...848L..13A},
      adsnote = {Provided by the SAO/NASA Astrophysics Data System}
}

%gravitational waves

@ARTICLE{2016PhRvL.116f1102A,
       author = {{Abbott}, B.~P. and {Abbott}, R. and {Abbott}, T.~D. and
         {Abernathy}, M.~R. and {Acernese}, F. and {Ackley}, K. and {Adams}, C. and
         {Adams}, T. and {Addesso}, P. and {Adhikari}, R.~X.},
        title = "{Observation of Gravitational Waves from a Binary Black Hole Merger}",
      journal = {\prl},
     keywords = {General Relativity and Quantum Cosmology, Astrophysics - High Energy Astrophysical Phenomena},
         year = "2016",
        month = Feb,
       volume = {116},
       number = {6},
          doi = {10.1103/PhysRevLett.116.061102},
archivePrefix = {arXiv},
       eprint = {1602.03837},
 primaryClass = {gr-qc},
       adsurl = {https://ui.adsabs.harvard.edu/abs/2016PhRvL.116f1102A},
      adsnote = {Provided by the SAO/NASA Astrophysics Data System}
}

@ARTICLE{2017ApJ...848L..12A,
       author = {{Abbott}, B.~P. and {Abbott}, R. and {Abbott}, T.~D. and {Acernese}, F. and
         {Ackley}, K. and {Adams}, C. and {Adams}, T. and {Addesso}, P. and
         {Adhikari}, R.~X. and {Adya}, V.~B.},
        title = "{Multi-messenger Observations of a Binary Neutron Star Merger}",
      journal = {\apjl},
     keywords = {gravitational waves, stars: neutron, Astrophysics - High Energy Astrophysical Phenomena, General Relativity and Quantum Cosmology},
         year = "2017",
        month = Oct,
       volume = {848},
       number = {2},
          doi = {10.3847/2041-8213/aa91c9},
archivePrefix = {arXiv},
       eprint = {1710.05833},
 primaryClass = {astro-ph.HE},
       adsurl = {https://ui.adsabs.harvard.edu/abs/2017ApJ...848L..12A},
      adsnote = {Provided by the SAO/NASA Astrophysics Data System}
}

@ARTICLE{2017PhRvL.119n1101A,
       author = {{Abbott}, B.~P. and {Abbott}, R. and {Abbott}, T.~D. and {Acernese}, F. and
         {Ackley}, K. and {Adams}, C. and {Adams}, T. and {Addesso}, P. and
         {Adhikari}, R.~X. and {Adya}, V.~B.},
        title = "{GW170814: A Three-Detector Observation of Gravitational Waves from a Binary Black Hole Coalescence}",
      journal = {\prl},
     keywords = {General Relativity and Quantum Cosmology, Astrophysics - High Energy Astrophysical Phenomena},
         year = "2017",
        month = Oct,
       volume = {119},
       number = {14},
          doi = {10.1103/PhysRevLett.119.141101},
archivePrefix = {arXiv},
       eprint = {1709.09660},
 primaryClass = {gr-qc},
       adsurl = {https://ui.adsabs.harvard.edu/abs/2017PhRvL.119n1101A},
      adsnote = {Provided by the SAO/NASA Astrophysics Data System}
}

%PDE
@Article{Han2015,
author="Han, Chong-Kyu
and Park, Jong-Do",
title="Method of characteristics and first integrals for systems of quasi-linear partial differential equations of first order",
journal="Science China Mathematics",
year="2015",
month= Aug,
day="01",
volume="58",
number="8",
pages="1665--1676",
abstract="Given a set of independent vector fields on a smooth manifold, we discuss how to find a function whose zero-level set is invariant under the flows of the vector fields. As an application, we study the solvability of overdetermined partial differential equations: Given a system of quasi-linear PDEs of first order for one unknown function we find a necessary and sufficient condition for the existence of solutions in terms of the second jet of the coefficients. This generalizes to certain quasi-linear systems of first order for several unknown functions.",
issn="1869-1862",
doi="10.1007/s11425-014-4942-8",
url="https://doi.org/10.1007/s11425-014-4942-8"
}


%gravitational waves in alternative theories
@ARTICLE{2010PhRvD..81f4008Y,
       author = {{Yagi}, Kent and {Tanaka}, Takahiro},
        title = "{Constraining alternative theories of gravity by gravitational waves from precessing eccentric compact binaries with LISA}",
      journal = {\prd},
     keywords = {04.30.Db, 04.80.Cc, Wave generation and sources, Experimental tests of gravitational theories, General Relativity and Quantum Cosmology, Astrophysics - Cosmology and Nongalactic Astrophysics},
         year = "2010",
        month = Mar,
       volume = {81},
       number = {6},
          doi = {10.1103/PhysRevD.81.064008},
archivePrefix = {arXiv},
       eprint = {0906.4269},
 primaryClass = {gr-qc},
       adsurl = {https://ui.adsabs.harvard.edu/abs/2010PhRvD..81f4008Y},
      adsnote = {Provided by the SAO/NASA Astrophysics Data System}
}


@ARTICLE{2011PhRvD..83j4022B,
       author = {{Berry}, Christopher P.~L. and {Gair}, Jonathan R.},
        title = "{Linearized f(R) gravity: Gravitational radiation and Solar System tests}",
      journal = {\prd},
     keywords = {04.50.Kd, 04.25.Nx, 04.30.-w, 04.70.-s, Modified theories of gravity, Post-Newtonian approximation, perturbation theory, related approximations, Gravitational waves: theory, Physics of black holes, General Relativity and Quantum Cosmology, Astrophysics - Cosmology and Extragalactic Astrophysics, Astrophysics - High Energy Astrophysical Phenomena},
         year = "2011",
        month = May,
       volume = {83},
       number = {10},
          doi = {10.1103/PhysRevD.83.104022},
archivePrefix = {arXiv},
       eprint = {1104.0819},
 primaryClass = {gr-qc},
       adsurl = {https://ui.adsabs.harvard.edu/abs/2011PhRvD..83j4022B},
      adsnote = {Provided by the SAO/NASA Astrophysics Data System}
}


@ARTICLE{2017PhRvD..95j4027Z,
       author = {{Zhang}, Xing and {Liu}, Tan and {Zhao}, Wen},
        title = "{Gravitational radiation from compact binary systems in screened modified gravity}",
      journal = {\prd},
     keywords = {General Relativity and Quantum Cosmology, Astrophysics - Cosmology and Nongalactic Astrophysics},
         year = "2017",
        month = May,
       volume = {95},
       number = {10},
          doi = {10.1103/PhysRevD.95.104027},
archivePrefix = {arXiv},
       eprint = {1702.08752},
 primaryClass = {gr-qc},
       adsurl = {https://ui.adsabs.harvard.edu/abs/2017PhRvD..95j4027Z},
      adsnote = {Provided by the SAO/NASA Astrophysics Data System}
}

%nicely review

@ARTICLE{2013LRR....16....9Y,
       author = {{Yunes}, Nicol{\'a}s and {Siemens}, Xavier},
        title = "{Gravitational-Wave Tests of General Relativity with Ground-Based Detectors and Pulsar-Timing Arrays}",
      journal = {Living Reviews in Relativity},
     keywords = {General Relativity and Quantum Cosmology, Alternative theories, Compact binaries, Experimental tests, Pulsar timing, General relativity, Gravitational waves, Observational tests, General Relativity and Quantum Cosmology, Astrophysics - Cosmology and Nongalactic Astrophysics, Astrophysics - High Energy Astrophysical Phenomena, High Energy Physics - Phenomenology, High Energy Physics - Theory},
         year = "2013",
        month = Nov,
       volume = {16},
       number = {1},
          doi = {10.12942/lrr-2013-9},
archivePrefix = {arXiv},
       eprint = {1304.3473},
 primaryClass = {gr-qc},
       adsurl = {https://ui.adsabs.harvard.edu/abs/2013LRR....16....9Y},
      adsnote = {Provided by the SAO/NASA Astrophysics Data System}
}

%clebsch
@article{Clebsch1866,
author = {Clebsch, A.},
journal = {Journal für die reine und angewandte Mathematik},
language = {ger},
pages = {257-268},
title = {Ueber die simultane Integration linearer partieller Differentialgleichungen.},
url = {http://eudml.org/doc/147970},
volume = {65},
year = {1866},
}

%carate 
@book{caratheodory1956variationsrechnung,
  title={Variationsrechnung und partielle Differentialgleichungen erster Ordnung},
  author={Carath{\'e}odory, C.},
  number={Bd. 1},
  lccn={57018250},
  series={Variationsrechnung und partielle Differentialgleichungen erster Ordnung},
  url={https://books.google.de/books?id=WZVDAAAAIAAJ},
  year={1956},
  publisher={Teubner}
}

%Lie
@book{lie1970theorie,
  title={Theorie der Transformationsgruppen},
  author={Lie, S. and Engel, F.},
  number={Bd. 1},
  isbn={9780828402323},
  lccn={76113135},
  series={AMS Chelsea Publishing Series},
  url={https://books.google.de/books?id=H07V8WKLgnAC},
  year={1970},
  publisher={Chelsea Publishing Company}
}

%riemannian geometry
@book{petersen2006riemannian,
  title={Riemannian Geometry},
  author={Petersen, P.},
  isbn={9780387294032},
  lccn={2006923825},
  series={Graduate Texts in Mathematics},
  url={https://books.google.de/books?id=9cekXdo52hEC},
  year={2006},
  publisher={Springer New York}
}

%gravity even ranked 
@book{vecchiato2017variational,
  title={Variational Approach to Gravity Field Theories: From Newton to Einstein and Beyond},
  author={Vecchiato, A.},
  isbn={9783319512112},
  series={Undergraduate Lecture Notes in Physics},
  url={https://books.google.de/books?id=XyYmDwAAQBAJ},
  year={2017},
  publisher={Springer International Publishing}
}

%Lorentz group
@book{doi:10.1142/p199,
author = {Carmeli, Moshe},
title = {Group Theory and General Relativity},
publisher = {PUBLISHED BY IMPERIAL COLLEGE PRESS AND DISTRIBUTED BY WORLD SCIENTIFIC PUBLISHING CO.},
year = {2000},
doi = {10.1142/p199},
address = {},
edition   = {},
URL = {https://www.worldscientific.com/doi/abs/10.1142/p199},
eprint = {https://www.worldscientific.com/doi/pdf/10.1142/p199}
}

@book{naimark2014linear,
  title={Linear Representations of the Lorentz Group},
  author={Naimark, M.A. and Farahat, H.K.},
  isbn={9781483184982},
  series={International Series in Pure and Applied Mathematics},
  url={https://books.google.de/books?id=6oPiBQAAQBAJ},
  year={2014},
  publisher={Elsevier Science}
}

%lorentz invariant tensors 
@inproceedings{Aslaksen1995InvariantTO,
  title={Invariant theory of special orthogonal groups.},
  author={Helmer Aslaksen and Eng-Chye Tan and Chen-bo Zhu},
  year={1995}
}

@article{PROCESI1976306,
title = "The invariant theory of n x n matrices",
journal = "Advances in Mathematics",
volume = "19",
number = "3",
pages = "306 - 381",
year = "1976",
issn = "0001-8708",
doi = "https://doi.org/10.1016/0001-8708(76)90027-X",
url = "http://www.sciencedirect.com/science/article/pii/000187087690027X",
author = "C Procesi"
}

%determinant expansion
@ARTICLE{2008CoTPh..49..801Z,
       author = {{Zhang}, Hong-Hao and {Yan}, Wen-Bin and {Li}, Xue-Song},
        title = "{Trace Formulae of Characteristic Polynomial and Cayley Hamilton's Theorem, and Applications to Chiral Perturbation Theory and General Relativity}",
      journal = {Communications in Theoretical Physics},
     keywords = {High Energy Physics - Theory, High Energy Physics - Phenomenology, Mathematical Physics},
         year = "2008",
        month = Apr,
       volume = {49},
       number = {4},
        pages = {801-808},
          doi = {10.1088/0253-6102/49/4/01},
archivePrefix = {arXiv},
       eprint = {hep-th/0701116},
 primaryClass = {hep-th},
       adsurl = {https://ui.adsabs.harvard.edu/abs/2008CoTPh..49..801Z},
      adsnote = {Provided by the SAO/NASA Astrophysics Data System}
}

%the famous matrix cookbook

@misc{IMM2012-03274,
author = "K. B. Petersen and M. S. Pedersen",
title = "The Matrix Cookbook",
year = "2012",
month = Nov,
keywords = "Matrix identity, matrix relations, inverse, matrix derivative",
publisher = "Technical University of Denmark",
address = "",
note = "Version 20121115",
url = "\url{http://www2.imm.dtu.dk/pubdb/p.php?3274}",
abstract = "Matrix identities, relations and approximations. A desktop reference for quick overview of mathematics of matrices."
}

@inbook{TobiR,
author = {Reinhart, Tobias and Alex, Nils},
title = {Covariant Constructive Gravity},
booktitle = {The Fifteenth Marcel Grossmann Meeting}
}


%Janet
@article{Janet,
author = {Blinkov, Yuri and F Cid, Carlos and Gerdt, Vladimir and Plesken, Wilhelm and Robertz, Daniel},
year = {2003},
month = {01},
pages = {},
title = {The MAPLE Package Janet: II. Linear Partial Differential Equations},
journal = {Proc. 6th Int. Workshop on Computer Algebra in Scientific Computing}
}

@article{Janet2,
author = {Blinkov, Yuri and F Cid, Carlos and Gerdt, Vladimir and Plesken, Wilhelm and Robertz, Daniel},
year = {2014},
month = {04},
pages = {},
title = {The MAPLE Package 'Janet': I. Polynomial Systems},
journal = {Proc. 6th Int. Workshop on Computer Algebra in Scientific Computing}
}

%curvature invariants
@ARTICLE{2009CQGra..26b5013C,
       author = {{Coley}, Alan and {Hervik}, Sigbj{\o}rn and {Pelavas}, Nicos},
        title = "{Spacetimes characterized by their scalar curvature invariants}",
      journal = {Classical and Quantum Gravity},
     keywords = {General Relativity and Quantum Cosmology, High Energy Physics - Theory, Mathematical Physics},
         year = "2009",
        month = Jan,
       volume = {26},
       number = {2},
          eid = {025013},
        pages = {025013},
          doi = {10.1088/0264-9381/26/2/025013},
archivePrefix = {arXiv},
       eprint = {0901.0791},
 primaryClass = {gr-qc},
       adsurl = {https://ui.adsabs.harvard.edu/abs/2009CQGra..26b5013C},
      adsnote = {Provided by the SAO/NASA Astrophysics Data System}
}

@Article{Zakhary1997,
author="Zakhary, E.
and Mcintosh, C. B. G.",
title="A Complete Set of Riemann Invariants",
journal="General Relativity and Gravitation",
year="1997",
month=May,
day="01",
volume="29",
number="5",
pages="539--581",
abstract="There are at most 14 independent real algebraic invariants of the Riemann tensor in a four-dimensional Lorentzian space. In the general case, these invariants can be written in terms of four different types of quantities: R , the real curvature scalar, two complex invariants I and J formed from the Weyl spinor, three real invariants I6, I7 and I8 formed from the trace-free Ricci spinor and three complex mixed invariants K, L and M. Carminati and McLenaghan [5] give some geometrical interpretations of the role played by the mixed invariants in Einstein-Maxwell and perfect fluid cases. They show that 16 invariants are needed to cover certain degenerate cases such as Einstein-Maxwell and perfect fluid and show that previously known sets fail to be complete in the perfect fluid case. In the general case, the invariants I and J essentially determine the components of the Weyl spinor in a canonical tetrad frame; likewise the invariants I6, I7 and I8 essentially determine the components of the trace-free Ricci spinor in a (in general different) canonical tetrad frame. These mixed invariants then give the orientation between the frames of these two spinors. The six real pieces of information in K, L and M are precisely the information needed to do this. A table is given of invariants which give a complete set for each Petrov type of the Weyl spinor {\$}{\$}{\backslash}Psi {\_}{\{}A{\{}{\backslash}text{\{} {\}}{\}}B{\{}{\backslash}text{\{} {\}}{\}}C{\{}{\backslash}text{\{} {\}}{\}}D{\}}{\$}{\$}and for each Segre type of the trace-free Ricci spinor {\$}{\$}{\backslash}Phi {\_}{\{}A{\{}{\backslash}text{\{} {\}}{\}}B{\{}{\backslash}text{\{} {\}}{\}}{\backslash}dot C{\{}{\backslash}text{\{} {\}}{\}}{\backslash}dot D{\}}{\$}{\$}This table involves 17 real invariants, including one real invariant and one complex invariant involving {\$}{\$}{\backslash}Psi {\_}{\{}A{\{}{\backslash}text{\{} {\}}{\}}B{\{}{\backslash}text{\{} {\}}{\}}C{\{}{\backslash}text{\{} {\}}{\}}D{\}}{\$}{\$}, {\$}{\$}{\backslash}Psi {\_}{\{}{\backslash}dot A{\{}{\backslash}text{\{} {\}}{\}}{\backslash}dot B{\{}{\backslash}text{\{} {\}}{\}}{\backslash}dot C{\{}{\backslash}text{\{} {\}}{\}}{\backslash}dot D{\}}{\$}{\$}and {\$}{\$}{\backslash}Phi {\_}{\{}A{\{}{\backslash}text{\{} {\}}{\}}B{\{}{\backslash}text{\{} {\}}{\}}{\backslash}dot C{\{}{\backslash}text{\{} {\}}{\}}{\backslash}dot D{\}}{\$}{\$}in some degenerate cases.",
issn="1572-9532",
doi="10.1023/A:1018851201784",
url="https://doi.org/10.1023/A:1018851201784"
}


@ARTICLE{2002IJMPD..11..827C,
       author = {{Cherubini}, Christian and {Bini}, Donato and {Capozziello}, Salvatore and
         {Ruffini}, Remo and {Fang}, L.~Z.},
        title = "{Second Order Scalar Invariants of the Riemann Tensor}",
      journal = {International Journal of Modern Physics D},
     keywords = {Riemann invariants, black holes, General Relativity and Quantum Cosmology, Astrophysics},
         year = "2002",
        month = Jan,
       volume = {11},
       number = {6},
        pages = {827-841},
          doi = {10.1142/S0218271802002037},
archivePrefix = {arXiv},
       eprint = {gr-qc/0302095},
 primaryClass = {gr-qc},
       adsurl = {https://ui.adsabs.harvard.edu/abs/2002IJMPD..11..827C},
      adsnote = {Provided by the SAO/NASA Astrophysics Data System}
}

@article{doi:10.1063/1.531425,
author = {Sneddon,G. E. },
title = {The identities of the algebraic invariants of the four‐dimensional Riemann tensor},
journal = {Journal of Mathematical Physics},
volume = {37},
number = {2},
pages = {1059-1075},
year = {1996},
doi = {10.1063/1.531425},

URL = { 
        https://aip.scitation.org/doi/abs/10.1063/1.531425
    
},
eprint = { 
        https://aip.scitation.org/doi/pdf/10.1063/1.531425
    
}

}


%hehl et al. area metric

@book{hehl2003foundations,
  title={Foundations of Classical Electrodynamics: Charge, Flux, and Metric},
  author={Hehl, F.W. and Obukhov, Y.N.},
  isbn={9780817642228},
  lccn={2003052187},
  series={Progress in Mathematical Physics},
  url={https://books.google.de/books?id=48-hHXL-CYUC},
  year={2003},
  publisher={Birkh{\"a}user Boston}
}

@ARTICLE{2006physics..10221H,
       author = {{Hehl}, Friedrich W. and {Itin}, Yakov and {Obukhov}, Yuri N.},
        title = "{Recent developments in premetric classical electrodynamics}",
      journal = {arXiv e-prints},
     keywords = {Physics - Classical Physics, Physics - General Physics},
         year = "2006",
        month = Oct,
          eid = {physics/0610221},
        pages = {physics/0610221},
archivePrefix = {arXiv},
       eprint = {physics/0610221},
 primaryClass = {physics.class-ph},
       adsurl = {https://ui.adsabs.harvard.edu/abs/2006physics..10221H},
      adsnote = {Provided by the SAO/NASA Astrophysics Data System}
}

@ARTICLE{2004PhRvD..70j5022L,
       author = {{L{\"a}mmerzahl}, Claus and {Hehl}, Friedrich W.},
        title = "{Riemannian light cone from vanishing birefringence in premetric vacuum electrodynamics}",
      journal = {\prd},
     keywords = {03.50.De, 03.30.+p, 04.80.-y, 41.20.-q, Classical electromagnetism Maxwell equations, Special relativity, Experimental studies of gravity, Applied classical electromagnetism, General Relativity and Quantum Cosmology},
         year = "2004",
        month = Nov,
       volume = {70},
       number = {10},
          eid = {105022},
        pages = {105022},
          doi = {10.1103/PhysRevD.70.105022},
archivePrefix = {arXiv},
       eprint = {gr-qc/0409072},
 primaryClass = {gr-qc},
       adsurl = {https://ui.adsabs.harvard.edu/abs/2004PhRvD..70j5022L},
      adsnote = {Provided by the SAO/NASA Astrophysics Data System}
}

@Article{Hehl2005,
author="Hehl, Friedrich W.
and Obukhov, Yuri N.",
title="To Consider the Electromagnetic Field as Fundamental, and the Metric Only as a Subsidiary Field",
journal="Foundations of Physics",
year="2005",
month=Dec,
day="01",
volume="35",
number="12",
pages="2007--2025",
abstract="In accordance with an old suggestion of Asher Peres (1962), we consider the electromagnetic field as fundamental and the metric as a subsidiary field. In following up this thought, we formulate Maxwell's theory in a diffeomorphism invariant and metric-independent way. The electromagnetic field is then given in terms of the excitation{\$}{\$}H = ({\{}{\backslash}cal H{\}}, {\{}{\backslash}cal D{\}}){\$}{\$}and the field strength F = (E,B). Additionally, a local and linear ``spacetime relation'' is assumed between H and F, namely H {\textasciitilde} $\kappa$ F, with the constitutive tensor $\kappa$. The propagation is studied of electromagnetic wave fronts (surfaces of discontinuity) with a method of Hadamard. We find a generalized Fresnel equation that is quartic in the wave covector of the wave front. We discuss under which conditions the waves propagate along the light cone. Thereby we derive the metric of spacetime, up to a conformal factor, by purely electromagnetic methods.",
issn="1572-9516",
doi="10.1007/s10701-005-8659-y",
url="https://doi.org/10.1007/s10701-005-8659-y"
}


@ARTICLE{1999PhLB..458..466O,
       author = {{Obukhov}, Yuri N. and {Hehl}, Friedrich W.},
        title = "{Spacetime metric from linear electrodynamics}",
      journal = {Physics Letters B},
     keywords = {ELECTRODYNAMICS, METRIC, AXIOMATICS, GENERAL RELATIVITY, General Relativity and Quantum Cosmology, High Energy Physics - Theory},
         year = "1999",
        month = Jul,
       volume = {458},
       number = {4},
        pages = {466-470},
          doi = {10.1016/S0370-2693(99)00643-7},
archivePrefix = {arXiv},
       eprint = {gr-qc/9904067},
 primaryClass = {gr-qc},
       adsurl = {https://ui.adsabs.harvard.edu/abs/1999PhLB..458..466O},
      adsnote = {Provided by the SAO/NASA Astrophysics Data System}
}

@ARTICLE{1999gr.qc....11096H,
       author = {{Hehl}, Friedrich W. and {Obukhov}, Yuri N. and {Rubilar}, Guillermo F.},
        title = "{Spacetime metric from linear electrodynamics II}",
      journal = {arXiv e-prints},
     keywords = {General Relativity and Quantum Cosmology, High Energy Physics - Theory},
         year = "1999",
        month = Nov,
          eid = {gr-qc/9911096},
        pages = {gr-qc/9911096},
archivePrefix = {arXiv},
       eprint = {gr-qc/9911096},
 primaryClass = {gr-qc},
       adsurl = {https://ui.adsabs.harvard.edu/abs/1999gr.qc....11096H},
      adsnote = {Provided by the SAO/NASA Astrophysics Data System}
}


%natural bundles sehr nice
@book{kolar1993natural,
  title={Natural Operations in Differential Geometry},
  author={Kolar, I. and Michor, P.W. and Slovak, J.},
  isbn={9783540562351},
  lccn={92045829},
  series={Electronic library of mathematics},
  url={https://books.google.de/books?id=4m9x1uL71L4C},
  year={1993},
  publisher={Springer}
}

@book{Abraham:1988:MTA:50877,
 author = {Abraham, R. and Marsden, J. E. and Ratiu, R.},
 title = {Manifolds, Tensor Analysis, and Applications: 2Nd Edition},
 year = {1988},
 isbn = {0-387-96790-7},
 publisher = {Springer-Verlag},
 address = {Berlin, Heidelberg},
} 

%determinant

@Article{Qin2018,
author="Qin, Xiaolin
and Sun, Zhi
and Leng, Tuo
and Feng, Yong",
title="Computing the Determinant of a Matrix with Polynomial Entries by Approximation",
journal="Journal of Systems Science and Complexity",
year="2018",
month=Apr,
day="01",
volume="31",
number="2",
pages="508--526",
abstract="Computing the determinant of a matrix with the univariate and multivariate polynomial entries arises frequently in the scientific computing and engineering fields. This paper proposes an effective algorithm to compute the determinant of a matrix with polynomial entries using hybrid symbolic and numerical computation. The algorithm relies on the Newton's interpolation method with error control for solving Vandermonde systems. The authors also present the degree matrix to estimate the degree of variables in a matrix with polynomial entries, and the degree homomorphism method for dimension reduction. Furthermore, the parallelization of the method arises naturally.",
issn="1559-7067",
doi="10.1007/s11424-017-6033-8",
url="https://doi.org/10.1007/s11424-017-6033-8"
}

@article{MARCO2004749,
title = "Parallel computation of determinants of matrices with polynomial entries",
journal = "Journal of Symbolic Computation",
volume = "37",
number = "6",
pages = "749 - 760",
year = "2004",
issn = "0747-7171",
doi = "https://doi.org/10.1016/j.jsc.2003.11.002",
url = "http://www.sciencedirect.com/science/article/pii/S0747717104000136",
author = "Ana Marco and Jos\'e-Javier Martínez",
abstract = "An algorithm for computing the determinant of a matrix whose entries are multivariate polynomials is presented. It is based on classical multivariate Lagrange polynomial interpolation, and it exploits the Kronecker product structure of the coefficient matrix of the linear system associated with the interpolation problem. From this approach, the parallelization of the algorithm arises naturally. The reduction of the intermediate expression swell is also a remarkable feature of the algorithm."
}

@article{articleDet,
author = {Li, Yi},
year = {2009},
month = {12},
pages = {2495-2501},
title = {An effective hybrid algorithm for computing symbolic determinants},
volume = {215},
journal = {Applied Mathematics and Computation},
doi = {10.1016/j.amc.2009.08.056}
}

%straumann wave emission
@BOOK{1984grra.book.....S,
       author = {{Straumann}, N.},
        title = "{General Relativity and Relativistic Astrophysics}",
         year = "1984",
       adsurl = {https://ui.adsabs.harvard.edu/abs/1984grra.book.....S},
      adsnote = {Provided by the SAO/NASA Astrophysics Data System}
}


%Haskell Basic references

@INPROCEEDINGS{Thompson99thecraft,
    author = {Simon Thompson},
    title = {The Craft of Functional Programming},
    booktitle = {},
    year = {1999},
    publisher = {Addison-Wesley}
}

@book{bird_2014, place={Cambridge}, title={Thinking Functionally with Haskell}, DOI={10.1017/CBO9781316092415}, publisher={Cambridge University Press}, author={Bird, Richard}, year={2014}}

@book{hutton_2007, place={Cambridge}, title={Programming in Haskell}, DOI={10.1017/CBO9780511813672}, publisher={Cambridge University Press}, author={Hutton, Graham}, year={2007}}

@book{OSullivan2008, 
 author = {O'Sullivan, Bryan and Goerzen, John and Stewart, Don},
 title = {Real World Haskell},
 year = {2008},
 isbn = {9780596514983},
 edition = {1st},
 publisher = {O'Reilly Media, Inc.},
} 


@book{Lipovaca:2011:LYH:2018642,
 author = {Lipovaca, Miran},
 title = {Learn You a Haskell for Great Good!: A Beginner's Guide},
 year = {2011},
 isbn = {9781593272838},
 edition = {1st},
 publisher = {No Starch Press},
 address = {San Francisco, CA, USA},
} 

%category theory 

@book{MacLane:205493,
      author        = "MacLane, Saunders",
      title         = "{Categories for the working mathematician}",
      publisher     = "Springer",
      address       = "New York, NY",
      series        = "Graduate texts in mathematics",
      year          = "1971",
      url           = "http://cds.cern.ch/record/205493",
      doi           = "10.1007/978-1-4612-9839-7",
}


@misc{ wiki:xxx,
   author = "HaskellWiki",
   title = "Haskell --- HaskellWiki{,} ",
   year = "2013",
   url = "\url{https://wiki.haskell.org/index.php?title=Haskell&oldid=56799}",
   note = "[Online; accessed 31-July-2019]"
 }
 
%cadabra

@article{cadabra2,
author = {Peeters, Kasper},
year = {2018},
month = {12},
pages = {1118},
title = {Cadabra2: computer algebra for field theory revisited},
volume = {3},
journal = {Journal of Open Source Software},
doi = {10.21105/joss.01118}
}

@ARTICLE{cadabra1,
       author = {{Peeters}, Kasper},
        title = "{Introducing Cadabra: a symbolic computer algebra system for field theory problems}",
      journal = {arXiv e-prints},
     keywords = {High Energy Physics - Theory, General Relativity and Quantum Cosmology, High Energy Physics - Phenomenology},
         year = "2007",
        month = Jan,
          eid = {hep-th/0701238},
        pages = {hep-th/0701238},
archivePrefix = {arXiv},
       eprint = {hep-th/0701238},
 primaryClass = {hep-th},
       adsurl = {https://ui.adsabs.harvard.edu/abs/2007hep.th....1238P},
      adsnote = {Provided by the SAO/NASA Astrophysics Data System}
}

@misc{ Maple,
  author = {{Maplesoft, a division of Waterloo Maple Inc., Waterloo, Ontario}},
  title = {Maple 2017},
   year = "2017"
 }